@inproceedings{Erb2014,
	author={Benjamin Erb and Frank Kargl},
	title={Combining Discrete Event Simulations and Event Sourcing},
	proceedings={Seventh International Conference on Simulation Tools and Techniques},
	publisher={ICST},
	proceedings_a={SIMUTOOLS},
	year={2014},
	month=8,
	keywords={discrete event simulation, event-driven architecture, event sourcing},
	doi={10.4108/icst.simutools.2014.254624}
}

@inproceedings{Yokoyama2008,
	author = {Yokoyama, Tetsuo and Axelsen, Holger Bock and Gl\"{u}ck, Robert},
	title = {{Principles of a Reversible Programming Language}},
	booktitle = {Proceedings of the 5th Conference on Computing Frontiers},
	series = {CF '08},
	year = {2008},
	isbn = {978-1-60558-077-7},
	location = {Ischia, Italy},
	pages = {43--54},
	numpages = {12},
	doi = {10.1145/1366230.1366239},
	acmid = {1366239},
	publisher = {ACM},
	address = {New York, NY, USA},
	keywords = {backward determinism, fast fourier transform, inverse semantics, reversible computing, turing completeness},
}

@inproceedings{Erb2015,
	author = {Erb, Benjamin and Kargl, Frank},
	title = {{A Conceptual Model for Event-sourced Graph Computing}},
	booktitle = {Proceedings of the 9th ACM International Conference on
	Distributed Event-Based Systems},
	series = {DEBS '15},
	year = {2015},
	isbn = {978-1-4503-3286-6},
	location = {Oslo, Norway},
	pages = {352--355},
	numpages = {4},
	doi = {10.1145/2675743.2776773},
	acmid = {2776773},
	publisher = {ACM},
	address = {New York, NY, USA},
	keywords = {batch processing, event processing, event
	sourcing, event-driven architecture, graph computing},
} 

@online{Fowler2005,
        title = {{Event Sourcing}},
        url = {http://martinfowler.com/eaaDev/EventSourcing.html},
        author = {Fowler, Martin},
        date = {2005-12-12}
}

@online{Garus2015,
        title = {{Introduction to Event Sourcing and Command-Query Responsibility Segregation}},
        url = {http://squirrel.pl/blog/2015/08/31/introduction-to-event-sourcing-and-command-query-responsibility-segregation},
        author = {Konrad Garus},
        date = {2015-08}
}

@online{Fowler2005_2,
        title = {{Retroactive Event}},
        url = {http://martinfowler.com/eaaDev/RetroactiveEvent.html},
        author = {Martin Fowler},
        date = {2005-12-12}
}

@book{Fowler2002,
	author = {Fowler, Martin},
	title = {Patterns of Enterprise Application Architecture},
	year = {2002},
	isbn = {0321127420},
	publisher = {Addison-Wesley Longman Publishing Co., Inc.},
	address = {Boston, MA, USA},
} 

@online{Chassaing2013,
        title = {{Event Sourcing vs Command Sourcing}},
        url = {http://thinkbeforecoding.com/post/2013/07/28/Event-Sourcing-vs-Command-Sourcing},
        author = {Jérémie Chassaing},
        date = {2013-07}
}

@online{Reitzammer2013,
        title = {{Event Sourcing in Practice}},
        url = {http://ookami86.github.io/event-sourcing-in-practice},
        author = {Benjamin Reitzammer, Johannes Seitz},
        date = {2013-12}
}

@online{Young2013,
        title = {{CQRS Documents}},
        url = {https://cqrs.files.wordpress.com/2010/11/cqrs_documents.pdf},
        author = {Greg Young},
        date = {2013-10}
}

@online{Young2010,
        title = {{CQRS, Task Based UIs, Event Sourcing agh!}},
        url = {http://codebetter.com/gregyoung/2010/02/16/cqrs-task-based-uis-event-sourcing-agh},
        author = {Greg Young},
        date = {2010-02}
}

@book{Robinson2004,
	title={Simulation: The Practice of Model Development and Use},
	author={Robinson, Stewart},
	isbn={9780470092781},
	lccn={16004881},
	year={2004},
	publisher={Wiley}
}

@book{Evans2003, 
	author = {Evans, Eric}, 
	title = {{Domain-Driven Design -- Tackling Complexity in the Heart of Software}}, 
	publisher = {Addison-Wesley}, 
	isbn = {0321125215}, 
	year = {2003}, 
	month = Sep, 
	quality = {5}, 
	note = {}
}

@book{Betts2013,
	title={Exploring CQRS and Event Sourcing: A Journey Into High Scalability, Availability and Maintainability with Windows Azure},
	author={Betts, D. and Dominguez, J. and Melnik, G. and Simonazzi, F. and Subramanian, M. and Young, G.},
	isbn={9781621140160},
	year={2013},
	publisher={Microsoft Developer Guidance}
}

@inproceedings{Salkeld2011,
	author = {Salkeld, Robin and Xu, Wenhao and Cully, Brendan and Lefebvre, Geoffrey and Warfield, Andrew and Kiczales, Gregor},
	title = {{Retroactive Aspects: Programming in the Past}},
	booktitle = {Proceedings of the Ninth International Workshop on Dynamic Analysis},
	series = {WODA '11},
	year = {2011},
	isbn = {978-1-4503-0811-3},
	location = {Toronto, Ontario, Canada},
	pages = {29--34},
	numpages = {6},
	doi = {10.1145/2002951.2002960},
	acmid = {2002960},
	publisher = {ACM},
	address = {New York, NY, USA},
	keywords = {aspect-oriented programming, deterministic replay, dynamic analysis, execution mining},
} 

@article{Demaine2007,
	author = {Demaine, Erik D. and Iacono, John and Langerman, Stefan},
	title = {{Retroactive Data Structures}},
	journal = {ACM Trans. Algorithms},
	issue_date = {May 2007},
	volume = {3},
	number = {2},
	month = may,
	year = {2007},
	issn = {1549-6325},
	articleno = {13},
	doi = {10.1145/1240233.1240236},
	acmid = {1240236},
	publisher = {ACM},
	address = {New York, NY, USA},
	keywords = {History, persistence, point location, rollback, time travel},
} 

@online{Boner2014,
        title = {{The Reactive Manifesto}},
        year = {2013},
        url = {http://www.reactivemanifesto.org},
        author = {Jonas Bon{\'e}r and Dave Farley and Roland Kuhn and Martin Thompson}
}

@book{Rea2014,
	title={{Metaphysics: The Basics}},
	author={Rea, M.},
	isbn={9781317756057},
	series={The Basics},
	year={2014},
	publisher={Taylor \& Francis}
}

@inproceedings{Salkeld2015,
	Title                    = {{Essential Retroactive Weaving}},
	Author                   = {Salkeld, Robin and Garcia, Ronald},
	Booktitle                = {Companion Proceedings of the 14th International Conference on Modularity},
	Series                   = {MODULARITY Companion 2015},
	Year                     = {2015},
	ISBN                     = {978-1-4503-3283-5},
	Location                 = {Fort Collins, CO, USA},
	Pages                    = {52--57},
	Numpages                 = {6},
	Doi                      = {10.1145/2735386.2736751},
	Acmid                    = {2736751},
	Publisher                = {ACM},
	Address                  = {New York, NY, USA},
	Keywords                 = {Aspect-oriented programming, execution recording, replay, tracing}
} 

@online{sec17a,
        title = {{Electronic Storage of Broker-Dealer Records}},
        year = {2003},
        url = {http://www.sec.gov/rules/interp/34-47806.htm},
        author = {U.S. Securities and Exchange Commission}
}

@online{esdocs,
        title = {{Event Sourcing Basics}},
        year = {2015},
        url = {http://docs.geteventstore.com/introduction/event-sourcing-basics},
        author = {Event Store Documentation}
}

@inproceedings{Almeida2008,
	Title                    = {{Interval Tree Clocks}},
	Author                   = {Almeida, Paulo S{\'e}rgio and Baquero, Carlos and Fonte, Victor},
	Booktitle                = {Proceedings of the 12th International Conference on Principles of Distributed Systems},
	Year                     = {2008},

	Address                  = {Berlin, Heidelberg},
	Pages                    = {259--274},
	Publisher                = {Springer-Verlag},
	Series                   = {OPODIS '08},

	Acmid                    = {1496330},
	Doi                      = {10.1007/978-3-540-92221-6_18},
	ISBN                     = {978-3-540-92220-9},
	Keywords                 = {Causality, dynamic systems, logical clock, vector clocks, version vectors},
	Location                 = {Luxor, Egypt},
	Numpages                 = {16},
}

@techreport{Hohpe2006,
  Title                    = {{Programming Without a Call Stack -- Event-driven Architectures}},
  Author                   = {Gregor Hohpe},
  Type 			   = {Technical Report},
  Institution              = {eaipatterns.com},
  Year                     = {2006},
  HowPublished             = {http://www.eaipatterns.com/docs/EDA.pdf}
}

@online{Fowler2011,
        title = {{The LMAX Architecture}},
        year = {2011},
        url = {http://martinfowler.com/articles/lmax.html},
        author = {Martin Fowler}
}

@book{Meyer1998,
	title={{Object oriented Software Construction}},
	author={Meyer, Bertrand},
	year={1988},
	isbn = {0136290493},
	edition = {1st},
	publisher = {Prentice-Hall, Inc.},
	address = {Upper Saddle River, NJ, USA},
}

@inproceedings{Brewer1999,
	title={{Harvest, Yield, and Scalable Tolerant Systems}},
	author={Fox, Armando and Brewer, Eric},
	booktitle={Hot Topics in Operating Systems, 1999. Proceedings of the Seventh Workshop on},
	pages={174--178},
	year={1999},
	organization={IEEE}
}

@online{Young2014,
        title = {{CQRS and Event Sourcing}},
        note = {Presented at the Code on the Beach Conference, Florida, 2014},
        url = {https://www.youtube.com/watch?v=JHGkaShoyNs},
        author = {Young, Greg}
}

@book{Ramakrishnan2000,
	author = {Ramakrishnan, Raghu and Gehrke, Johannes},
	title = {Database Management Systems},
	year = {2003},
	isbn = {0072465638, 9780072465631},
	edition = {3},
	publisher = {McGraw-Hill, Inc.},
	address = {New York, NY, USA},
} 


@article{Apostolico1994,
	title={{The Set Union Problem With Unlimited Backtracking}},
	author={Alberto Apostolico and Giuseppe F. Italiano and Giorgio Gambosi
	and Maurizio Talamo},
	journal={SIAM J. Comput.},
	year={1994},
	volume={23},
	pages={50-70}
}

@online{Blockchain2015,
        title = {{Linux Foundation Unites Industry Leaders to Advance Blockchain Technology}},
        url = {http://www.linuxfoundation.org/news-media/announcements/2015/12/linux-foundation-unites-industry-leaders-advance-blockchain},
        author = {Linux Foundation},
        date = {2015}
}

@online{Krasser2015,
        title = {{Event Sourcing and CQRS with Akka Persistence and Eventuate}},
        note = {{Presented at the Reactive Systems Hamburg, 2015}},
        url = {https://www.youtube.com/watch?v=vFVry457XLk},
        author = {Krasser, Martin},
}

@online{Eventuate2015Conditional,
        title = {{Conditional requests}},
        url = {https://rbmhtechnology.github.io/eventuate/user-guide.html#conditional-requests},
        author = {Eventuate User Guide},
        date = {2015}
}

@online{Krasser2013,
        title = {{Introduction to Akka Persistence}},
        url = {http://krasserm.blogspot.de/2013/12/introduction-to-akka-persistence.html},
        author = {Martin Krasser},
        date = {2013}
}

@mastersthesis{Habiger2015,
	author = {Gerhard Habiger},
	title = {Distributed Versioning and Snapshot Mechanisms on Event-Sourced Graphs},
	school = {Institute of Distributed Systems, Ulm University},
	year = {2015},
	type = {Master's Thesis},
	month = {October},
	number = {VS-M13-2015}
} 

@article{Ailon2011,
	title={Self-improving Algorithms},
	author={Ailon, Nir and Chazelle, Bernard and Clarkson, Kenneth L and
		Liu, Ding and Mulzer, Wolfgang and Seshadhri, C},
	journal={SIAM Journal on Computing},
	volume={40},
	number={2},
	pages={350--375},
	year={2011},
	publisher={SIAM}
}

@phdthesis{Fielding2000,
	title={Architectural Styles and the Design of Network-based Software Architectures},
	author={Fielding, Roy Thomas},
	type = {PhD Dissertation},
	year={2000},
	school={University of California, Irvine}
}

@misc{RFC2616,
	added-at = {2006-07-02T00:05:26.000+0200},
	author = {Fielding, R. and Gettys, J. and Mogul, J. and Frystyk, H. and Masinter, L. and Leach, P. and Berners-Lee, T.},
	timestamp = {2013-11-23T20:11:51.000+0100},
	title = {RFC 2616, Hypertext Transfer Protocol -- HTTP/1.1},
	year = 1999
}

@InCollection{Smith2016,
	author       =	{Smith, Nicholas J.J.},
	title        =	{Time Travel},
	booktitle    =	{The Stanford Encyclopedia of Philosophy},
	editor       =	{Edward N. Zalta},
	howpublished =	{\url{http://plato.stanford.edu/archives/spr2016/entries/time-travel}},
	url =	{http://plato.stanford.edu/archives/spr2016/entries/time-travel},
	year         =	{2016},
	edition      =	{Spring 2016},
}

@misc{RFC6902,
	series =	{Request for Comments},
	number=		6902,
	howpublished=	{IETF RFC 6902},
	author=		{Paul C. Bryan and Mark Nottingham},
	title=		{{JavaScript Object Notation (JSON) Patch}},
	pagetotal =	18,
	year =		2013,
	month =		april,
	abstract =	{JSON Patch defines a JSON document structure for expressing a sequence of operations to apply to a JavaScript Object Notation (JSON) document; it is suitable for use with the HTTP PATCH method. The &quot;application/json-patch+json&quot; media type is used to identify such patch documents.},
}

@misc{RFC7232,
	series =	{Request for Comments},
	number=		7232,
	howpublished=	{IETF RFC 7232},
	author=		{Roy T. Fielding and Julian F. Reschke},
	title=		{{Hypertext Transfer Protocol (HTTP/1.1): Conditional Requests}},
	pagetotal =	28,
	year =		2014,
	month =		june,
	abstract =	{The Hypertext Transfer Protocol (HTTP) is a stateless application- level protocol for distributed, collaborative, hypertext information systems. This document defines HTTP/1.1 conditional requests, including metadata header fields for indicating state changes, request header fields for making preconditions on such state, and rules for constructing the responses to a conditional request when one or more preconditions evaluate to false.},
}

@misc{RFC7159,
	series =	{Request for Comments},
	number=		7159,
	howpublished=	{IETF RFC 7159},
	author=		{},
	title=		{{The JavaScript Object Notation (JSON) Data Interchange Format}},
	pagetotal =	16,
	year =		2014,
	month =		march,
	abstract =	{JavaScript Object Notation (JSON) is a lightweight, text-based, language-independent data interchange format. It was derived from the ECMAScript Programming Language Standard. JSON defines a small set of formatting rules for the portable representation of structured data.},
}

@incollection{Schmidhuber2007,
	title={G{\"o}del Machines: Fully Self-referential Optimal Universal Self-improvers},
	author={Schmidhuber, J{\"u}rgen},
	booktitle={Artificial general intelligence},
	pages={199--226},
	year={2007},
	publisher={Springer}
}

@book{Anderson2010,
	author = {Anderson, J. Chris and Lehnardt, Jan and Slater, Noah},
	title = {CouchDB: The Definitive Guide},
	year = {2010},
	edition = {1st},
	publisher = {O'Reilly Media, Inc.},
} 

@online{Rantil2013,
        title = {{CouchDB as event store}},
        url = {http://jensrantil.github.io/bootstrapping-couchdb-as-event-store.html},
        author = {Jens Rantil},
        date = {2013}
}

@online{Weiss2015,
        title = {{Distributed event log with CouchDB}},
        url = {https://medium.com/@th0maswe1ss/distributed-event-log-with-couchdb-a36a63cdf337#.k99cobde1},
        author = {Thomas Weiss},
        date = {2015}
}

@inproceedings{Kejariwal2006,
	author = {Kejariwal, Arun and Nicolau, Alexandru and Polychronopoulos, Constantine D.},
	title = {History-aware Self-Scheduling},
	booktitle = {Proceedings of the 2006 International Conference on Parallel Processing},
	series = {ICPP '06},
	year = {2006},
	isbn = {0-7695-2636-5},
	pages = {185--192},
	numpages = {8},
	doi = {10.1109/ICPP.2006.49},
	acmid = {1157635},
	publisher = {IEEE Computer Society},
	address = {Washington, DC, USA},
}

@inproceedings{Nguyen2013,
	title={History-Aware Adaptive Routing Algorithm For Energy Saving in
	Interconnection Networks},
	author={Nguyen, Hai and Zarza, Gonzalo and Franco, Daniel and Luque,
	Emilio},
	booktitle={Proceedings of the International Conference on Parallel
	and Distributed Processing Techniques and Applications (PDPTA)},
	pages={450},
	year={2013},
	organization={The Steering Committee of The World Congress in
	Computer Science, Computer Engineering and Applied Computing
	(WorldComp)}
}

@online{GDB,
        title = {{Process Record Tutorial}},
        url = {http://www.sourceware.org/gdb/wiki/ProcessRecord/Tutorial},
        author = {GDB Documentation},
	date = {2009}
}

@online{GDB1,
        title = {{Reverse Execution}},
        url = {https://sourceware.org/gdb/current/onlinedocs/gdb/Reverse-Execution.html},
        author = {Debugging with GDB},
        date = {2016}
}

@inproceedings{Jones2001,
	author = {Simon Peyton Jones},
	title = {Tackling the Awkward Squad: monadic input/output, concurrency, exceptions, and foreign-language calls in Haskell},
	booktitle = {Engineering Theories of Software Construction},
	year = {2001},
	pages = {47--96},
	publisher = {Press}
}

@article{Hoareetal2001,
	title={Tackling the awkward squad: monadic input/output, concurrency, exceptions, and foreign-language calls in Haskell},
	author={Hoareetal, CAR},
	journal={Engineering theories of software construction},
	volume={180},
	pages={47},
	year={2001},
	publisher={IOS Press}
}

@online{Victor2012,
        title = {{Inventing on Principle}},
        note = {Presented at the Canadian University Software Engineering Conference (CUSEC), 2012},
        url = {https://vimeo.com/36579366},
        author = {Bret Victor}
}

@techreport{Proebsting2000,
	title={Tangible Program Histories},
  	Type 			   = {Technical Report},
	author={Proebsting, Todd A and Zorn, Benjamin G},
	year={2000},
	month=May,
	number = {MSR-TR-2000-54},
	institution = {Microsoft Research}
}

@inproceedings{Pothier2007,
	title={Scalable Omniscient Debugging},
	author={Pothier, Guillaume and Tanter, {\'E}ric and Piquer, Jos{\'e}},
	booktitle={ACM SIGPLAN Notices},
	volume={42},
	number={10},
	pages={535--552},
	year={2007},
	organization={ACM}
}

@article{Lienhard2008,
	title={Practical Object-Oriented Back-in-Time Debugging},
	author={Lienhard, Adrian and G{\^\i}rba, Tudor and Nierstrasz, Oscar},
	journal={Lecture Notes in Computer Science},
	volume={5142},
	pages={592--615},
	year={2008},
	publisher={Springer}
}

@mastersthesis{Sabin2010,
	author = {Patrick Sabin},
	title = {{Implementing a Reversible Debugger for Python}},
	school = {Faculty of Informatics, TU Wien},
	year = {2010},
	type = {Diploma Thesis}
} 


@book{Frolov1998,
    address = {Dordrecht},
    author = {Frolov, V. and Novikov, I.},
    day = {30},
    edition = {1},
    howpublished = {Paperback},
    isbn = {0792351460},
    keywords = {black-hole, gr, hawking-effect, kerr, schwarzschild},
    month = nov,
    posted-at = {2010-08-20 13:54:33},
    priority = {2},
    publisher = {Kluwer Academic Publishers},
    series = {Fundamental Theories of Physics},
    title = {{Black Hole Physics: Basic Concepts and New Developments (Fundamental Theories of Physics)}},
    volume = {96},
    year = {1998}
}

@misc{Fraser2006,
	title={Program History in a Computer Programming Language},
	author={Fraser, C.W. and Proebsting, T.A. and Zorn, B.G.},
	year={2006},
	month=sep # "~19",
	publisher={Google Patents},
	note={US Patent 7,111,283}
}

@mastersthesis{Hauser2014,
	author = {Lukas Hauser},
	title = {{Distributed Architecture using Event Sourcing \& Command Query Responsibility Segregation}},
	school = {Institute of Distributed Systems, Ulm University},
	year = {2014},
	type = {Bachelor's Thesis},
	month = July,
	number = {VS-B04-2014}
} 


@article{Schwarz1994,
	title={Detecting Causal Relationships in Distributed Computations: In Search of the Holy Grail},
	author={Schwarz, Reinhard and Mattern, Friedemann},
	journal={Distributed Computing},
	volume={7},
	number={3},
	pages={149--174},
	year={1994},
	publisher={Springer}
}

@book{Swan2015,
	title={Blockchain: Blueprint for a New Economy},
	author={Swan, Melanie},
	year={2015},
	publisher={" O'Reilly Media, Inc."}
}
